% LTeX: enabled=false
@article{algeff-lin-qpl,
  author     = {Staton, Sam},
  title      = {Algebraic Effects, Linearity, and Quantum Programming Languages},
  year       = {2015},
  issue_date = {January 2015},
  publisher  = {Association for Computing Machinery},
  address    = {New York, NY, USA},
  volume     = {50},
  number     = {1},
  issn       = {0362-1340},
  url        = {https://www.cs.ox.ac.uk/people/samuel.staton/papers/popl2015.pdf},
  doi        = {10.1145/2775051.2676999},
  journal    = {SIGPLAN Not.},
  month      = {01},
  pages      = {395–406},
  numpages   = {12},
  keywords   = {monads., quantum computation, algebraic effects},
}

@book{cstar-by-example,
  title     = {{\(C^*\)}-algebras by Example},
  author    = {Davidson, K.R.},
  isbn      = {9780821871898},
  series    = {Fields Institute for Research in Mathematical Sciences Toronto: Fields Institute monographs},
  year      = {1996},
  publisher = {American Mathematical Society},
}

@book{cstar-vidav,
  title     = {Uvod v teorijo {\(C^*\)}-algeber},
  author    = {Vidav, Ivan},
  series    = {Podiplomski seminar iz matematike},
  volume    = {12},
  year      = {1982},
  publisher = {DMFA – založništvo},
}

@book{eriehl,
  title     = {Category Theory in Context},
  author    = {Riehl, E.},
  isbn      = {9780486809038},
  lccn      = {2016498457},
  series    = {Aurora: Dover Modern Math Originals},
  url       = {http://www.math.jhu.edu/~eriehl/context.pdf},
  year      = {2016},
  publisher = {Dover Publications},
}

@misc{ess-qc,
  title  = {Mathematical Essentials of Quantum Computing},
  author = {Rué, Juanjo and Xambó, Sebastian},
  year   = {2011},
}

@article{feynman-1981,
  author  = {Feynman, Richard},
  year    = {1982},
  month   = {06},
  pages   = {},
  title   = {Simulating Physics with Computers},
  volume  = {21},
  journal = {International Journal of Theoretical Physics},
}

@article{girard-linear-logic-1987,
  title   = {Linear logic},
  journal = {Theoretical Computer Science},
  volume  = {50},
  number  = {1},
  pages   = {1-101},
  year    = {1987},
  issn    = {0304-3975},
  doi     = {10.1016/0304-3975(87)90045-4},
  author  = {Jean-Yves Girard},
}

@inbook{girard-linear-logic-1995,
  place      = {Cambridge},
  series     = {London Mathematical Society Lecture Note Series},
  title      = {Linear Logic: its syntax and semantics},
  doi        = {10.1017/CBO9780511629150.002},
  booktitle  = {Advances in Linear Logic},
  publisher  = {Cambridge University Press},
  author     = {Girard, J.-Y.},
  year       = {1995},
  pages      = {1–42},
  chapter    = {1},
  collection = {London Mathematical Society Lecture Note Series},
}

@article{measurement-calculus,
  author  = {Danos, Vincent and Kashefi, Elham and Panangaden, Prakash},
  year    = {2005},
  month   = {01},
  title   = {The Measurement Calculus},
  volume  = {54},
  journal = {Journal of the ACM},
  doi     = {10.1145/1219092.1219096},
}

@misc{nlab:linear_logic,
  author  = {{nLab authors}},
  title   = {linear logic},
  url     = {http://ncatlab.org/nlab/revision/linear%20logic/104},
  note    = {[ogled 24.\ 8.\ 2022], dostopno na \url{http://ncatlab.org/nlab/revision/linear%20logic/104}},
  urldate = {2022-8-24},
  month   = {08},
  year    = {2022},
}

@misc{nlab:linear_logic-ql,
  author  = {{nLab authors}},
  title   = {linear logic},
  url     = {http://ncatlab.org/nlab/revision/linear%20logic/104#quantum_logic},
  note    = {[ogled 24.\ 8.\ 2022], dostopno na \url{http://ncatlab.org/nlab/revision/linear%20logic/104#quantum_logic}},
  urldate = {2022-8-24},
  month   = {08},
  year    = {2022},
}

@misc{nlab:quantum_logic,
  author  = {{nLab authors}},
  title   = {quantum logic},
  url     = {http://ncatlab.org/nlab/revision/quantum%20logic/42},
  note    = {[ogled 24.\ 8.\ 2022], dostopno na \url{http://ncatlab.org/nlab/revision/quantum%20logic/42}},
  urldate = {2022-8-24},
  month   = {08},
  year    = {2022},
}

@article{ola-bratteli,
  issn      = {00029947},
  url       = {http://www.jstor.org/stable/1996380},
  doi       = {10.2307/1996380},
  author    = {Ola Bratteli},
  journal   = {Transactions of the American Mathematical Society},
  pages     = {195--234},
  publisher = {American Mathematical Society},
  title     = {Inductive Limits of Finite Dimensional \(C^*\)-Algebras},
  urldate   = {2022-08-27},
  volume    = {171},
  year      = {1972},
}

@book{pa-fillmore,
  title     = {A User's Guide to Operator Algebras},
  author    = {Fillmore, P.A. and Canadian Mathematical Society},
  isbn      = {9780471311355},
  lccn      = {95038340},
  series    = {A Wiley interscience publication},
  year      = {1996},
  publisher = {Wiley},
}

@book{paulsen_2003,
  place      = {Cambridge},
  series     = {Cambridge Studies in Advanced Mathematics},
  title      = {Dilation Theorems},
  doi        = {10.1017/CBO9780511546631.005},
  booktitle  = {Completely Bounded Maps and Operator Algebras},
  publisher  = {Cambridge University Press},
  author     = {Paulsen, Vern},
  year       = {2003},
  collection = {Cambridge Studies in Advanced Mathematics},
}

@book{ramšak-qm,
  place     = {Ljubljana},
  title     = {Kvantna mehanika},
  volume    = {5},
  isbn      = {978-961-7128-07-9},
  issn      = {978-961-7128-07-9},
  publisher = {Založba Univerze},
  author    = {Ramšak, Anton},
  year      = {2021},
}

@inproceedings{second-order-equational-logic,
  author = {Fiore, Marcelo and Hur, Chung-Kil},
  year   = {2010},
  month  = {08},
  pages  = {320-335},
  title  = {Second-Order Equational Logic},
}

@inproceedings{second-order-equational-logic2,
  author    = {Fiore, Marcelo and Hur, Chung-Kil},
  editor    = {Dawar, Anuj and Veith, Helmut},
  title     = {Second-Order Equational Logic},
  booktitle = {Computer Science Logic},
  year      = {2010},
  publisher = {Springer Berlin Heidelberg},
  address   = {Berlin, Heidelberg},
  pages     = {320--335},
  abstract  = {We extend universal algebra and its equational logic from first to second order as follows.},
  isbn      = {978-3-642-15205-4},
}

@inproceedings{second-order-equational-logic3,
  author    = {Fiore, Marcelo and Hur, Chung-Kil},
  title     = {Second-Order Equational Logic},
  year      = {2010},
  isbn      = {364215204X},
  publisher = {Springer-Verlag},
  address   = {Berlin, Heidelberg},
  booktitle = {Proceedings of the 24th International Conference/19th Annual Conference on Computer Science Logic},
  pages     = {320–335},
  numpages  = {16},
  location  = {Brno, Czech Republic},
  series    = {CSL'10/EACSL'10},
}

@article{selinger-qpl,
  title   = {Towards a quantum programming language},
  author  = {Peter Selinger},
  journal = {Mathematical Structures in Computer Science},
  year    = {2004},
  volume  = {14},
  pages   = {527 - 586},
}

@bachelorsthesis{tdj,
  title  = {{ZX-račun : delo diplomskega seminarja}},
  url    = {https://repozitorij.uni-lj.si/IzpisGradiva.php?lang=slv&id=138809},
  author = {Petrič, Tadej},
  year   = {2022},
  school = {University of Ljubljana, Faculty of Mathematics and Physics},
}

@inproceedings{zx-calculus,
  title        = {Interacting quantum observables},
  author       = {Coecke, Bob and Duncan, Ross},
  booktitle    = {International Colloquium on Automata, Languages, and Programming},
  pages        = {298--310},
  year         = {2008},
  organization = {Springer},
}
