@inproceedings{ess-qc,
  title  = {Mathematical Essentials of Quantum Computing},
  author = {Juanjo Rué, Sebastian Xambó},
  year   = {2011},
}
